@misc{WebSQL2010Hickson,
  author="Ian Hickson",
  title="Web {SQL} Database",
  institution="W3C",
  year="2010",
  month="November"
}

@misc{jQueryMobile,
  title="{jQuery Mobile}",
  url="http://jquerymobile.com/",
  author="The jQuery Foundation",
  year="2013",
  howpublished="http://jquerymobile.com"
}
